    @inproceedings{bspl,
     author = {Kim, Kun Suk and Sahni, Sartaj},
     title = {IP Lookup By Binary Search On Prefix Length},
     booktitle = {Proceedings of the Eighth IEEE International Symposium on Computers and Communications},
     series = {ISCC '03},
     year = {2003},
     isbn = {0-7695-1961-X},
     pages = {77--},
     url = {http://dl.acm.org/citation.cfm?id=839294.843365},
     acmid = {843365},
     publisher = {IEEE Computer Society},
     address = {Washington, DC, USA},
     keywords = {Packet routing, router tables, longest-prefixmatching, controlled prefix expansion, binary search onlength, dynamic programming},
    }

   @article{aho,
    author = {Aho, Alfred V. and Corasick, Margaret J.},
    title = {Efficient String Matching: An Aid to Bibliographic Search},
    journal = {Commun. ACM},
    issue_date = {June 1975},
    volume = {18},
    number = {6},
    month = jun,
    year = {1975},
    issn = {0001-0782},
    pages = {333--340},
    numpages = {8},
    url = {http://doi.acm.org/10.1145/360825.360855},
    doi = {10.1145/360825.360855},
    acmid = {360855},
    publisher = {ACM},
    address = {New York, NY, USA},
    keywords = {bibliographic search, computational complexity, finite state machines, information retrieval, keywords and phrases, string pattern matching, text-editing},
   }
   @book{tbm,
     title={Network routing: algorithms, protocols, and architectures},
     author={Medhi, Deepankar},
     year={2010},
     publisher={Morgan Kaufmann}
   }

   @book{meduna,
     title={Automata and languages: theory and applications},
     author={Meduna, Alexander},
     year={2000},
     publisher={Springer Science \& Business Media}
   }

   @article{morris,
   title = "Traversing binary trees simply and cheaply ",
   journal = "Information Processing Letters ",
   volume = "9",
   number = "5",
   pages = "197 - 200",
   year = "1979",
   note = "",
   issn = "0020-0190",
   doi = "http://dx.doi.org/10.1016/0020-0190(79)90068-1",
   url = "http://www.sciencedirect.com/science/article/pii/0020019079900681",
   author = "Joseph M. Morris",
   keywords = "Binary trees",
   keywords = "tree traversal "
   }






