    @inproceedings{bspl,
     author = {Kim, Kun Suk and Sahni, Sartaj},
     title = {IP Lookup By Binary Search On Prefix Length},
     booktitle = {Proceedings of the Eighth IEEE International Symposium on Computers and Communications},
     series = {ISCC '03},
     year = {2003},
     isbn = {0-7695-1961-X},
     pages = {77--},
     url = {http://dl.acm.org/citation.cfm?id=839294.843365},
     acmid = {843365},
     publisher = {IEEE Computer Society},
     address = {Washington, DC, USA},
     keywords = {Packet routing, router tables, longest-prefixmatching, controlled prefix expansion, binary search onlength, dynamic programming},
    }

   @article{aho,
    author = {Aho, Alfred V. and Corasick, Margaret J.},
    title = {Efficient String Matching: An Aid to Bibliographic Search},
    journal = {Commun. ACM},
    issue_date = {June 1975},
    volume = {18},
    number = {6},
    month = jun,
    year = {1975},
    issn = {0001-0782},
    pages = {333--340},
    numpages = {8},
    url = {http://doi.acm.org/10.1145/360825.360855},
    doi = {10.1145/360825.360855},
    acmid = {360855},
    publisher = {ACM},
    address = {New York, NY, USA},
    keywords = {bibliographic search, computational complexity, finite state machines, information retrieval, keywords and phrases, string pattern matching, text-editing},
   }
   @book{tbm,
     title={Network routing: algorithms, protocols, and architectures},
     author={Medhi, Deepankar},
     year={2010},
     publisher={Morgan Kaufmann}
   }

   @book{meduna,
     title={Automata and languages: theory and applications},
     author={Meduna, Alexander},
     year={2000},
     publisher={Springer Science \& Business Media}
   }

   @article{morris,
   title = "Traversing binary trees simply and cheaply ",
   journal = "Information Processing Letters ",
   volume = "9",
   number = "5",
   pages = "197 - 200",
   year = "1979",
   note = "",
   issn = "0020-0190",
   doi = "http://dx.doi.org/10.1016/0020-0190(79)90068-1",
   url = "http://www.sciencedirect.com/science/article/pii/0020019079900681",
   author = "Joseph M. Morris",
   keywords = "Binary trees",
   keywords = "tree traversal "
   }

   @INPROCEEDINGS{ant-phe,
      author = {Petr Kobiersk{\'{y}} and Jan Ko{\v{r}}enek and Libor
    Pol{\v{c}}{\'{a}}k},
      title = {Packet Header Analysis and Field Extraction for Multigigabit
    Networks},
      pages = {96--101},
      booktitle = {Proceedings of the 2009 IEEE Symphosium on  Design and
    Diagnostics of Electronic Circuits and Systems},
      year = {2009},
      location = {Liberec, CZ},
      publisher = {IEEE Computer Society},
      ISBN = {978-1-4244-3339-1},
      language = {english},
      url = {http://www.fit.vutbr.cz/research/view_pub.php?id=8927}
   }

   @book{gigabit-networking,
     title={Gigabit Networking},
     author={Partridge, C.},
     isbn={9780201563337},
     lccn={93028877},
     series={Addison-Wesley professional computing series},
     url={http://books.google.com.au/books?id=GUZGHzL-bM4C},
     year={1994},
     publisher={Addison-Wesley}
   }

   @ARTICLE{rabin-karp,
   author={Karp, Richard M. and Rabin, M.O.},
   journal={IBM Journal of Research and Development},
   title={Efficient randomized pattern-matching algorithms},
   year={1987},
   month={March},
   volume={31},
   number={2},
   pages={249-260},
   doi={10.1147/rd.312.0249},
   ISSN={0018-8646},}


   @inproceedings{walter,
    author = {Commentz-Walter, Beate},
    title = {A String Matching Algorithm Fast on the Average},
    booktitle = {Proceedings of the 6th Colloquium, on Automata, Languages and Programming},
    year = {1979},
    isbn = {3-540-09510-1},
    pages = {118--132},
    numpages = {15},
    url = {http://dl.acm.org/citation.cfm?id=646233.682242},
    acmid = {682242},
    publisher = {Springer-Verlag},
    address = {London, UK, UK},
   }

   @book{watson,
     title={Taxonomies and toolkits of regular language algorithms},
     author={Watson, Bruce William},
     year={1995},
     publisher={Eindhoven University of Technology The Netherlands}
   }

   @article{boyer-moore,
    author = {Boyer, Robert S. and Moore, J. Strother},
    title = {A Fast String Searching Algorithm},
    journal = {Commun. ACM},
    issue_date = {Oct. 1977},
    volume = {20},
    number = {10},
    month = oct,
    year = {1977},
    issn = {0001-0782},
    pages = {762--772},
    numpages = {11},
    url = {http://doi.acm.org/10.1145/359842.359859},
    doi = {10.1145/359842.359859},
    acmid = {359859},
    publisher = {ACM},
    address = {New York, NY, USA},
    keywords = {bibliographic search, computational complexity, information retrieval, linear time bound, pattern matching, text editing},
   }

   @online{jenkins,
    author = {Jenkins, Bob},
    year = {2006},
    title = {A hash function for hash Table lookup},
    url = {www.burtleburtle.net/bob/hash/doobs.html},
    urldate = {2015-05-10},
   }

   @article{delay-dfa,
    author = {Kumar, Sailesh and Dharmapurikar, Sarang and Yu, Fang and Crowley, Patrick and Turner, Jonathan},
    title = {Algorithms to Accelerate Multiple Regular Expressions Matching for Deep Packet Inspection},
    journal = {SIGCOMM Comput. Commun. Rev.},
    issue_date = {October 2006},
    volume = {36},
    number = {4},
    month = aug,
    year = {2006},
    issn = {0146-4833},
    pages = {339--350},
    numpages = {12},
    url = {http://doi.acm.org/10.1145/1151659.1159952},
    doi = {10.1145/1151659.1159952},
    acmid = {1159952},
    publisher = {ACM},
    address = {New York, NY, USA},
    keywords = {DFA, deep packet inspection, regular expressions},
   }

   @phdthesis{clasification-prefix,
     title={Algorithms for routing lookups and packet classification},
     author={Gupta, Pankaj},
     year={2000},
     school={Stanford University}
   }

   @INPROCEEDINGS{phe-design,
   author={Gibb, Glen and Varghese, George and Horowitz, Mark and McKeown, Nick},
   booktitle={Architectures for Networking and Communications Systems (ANCS), 2013 ACM/IEEE Symposium on},
   title={Design principles for packet parsers},
   year={2013},
   month={Oct},
   pages={13-24},
   keywords={Abstracts;Application specific integrated circuits;Data mining;Multiprotocol label switching;Program processors;Random access memory;Switches;Design principles;Parsing;Reconfigurable parsers},
   doi={10.1109/ANCS.2013.6665172},}





